<?xml version="1.0"?>
<marc:records xmlns:marc="http://www.loc.gov/MARC21/slim" xmlns:xsi="http://www.w3.org/2001/XMLSchema-instance" xsi:schemaLocation="http://www.loc.gov/MARC21/slim http://www.loc.gov/standards/marcxml/schema/MARC21slim.xsd">
  <marc:record>
    <marc:leader>06446ntm a2200493Ia 4500</marc:leader>
    <marc:controlfield tag="001">9977353945803681</marc:controlfield>
    <marc:controlfield tag="005">20191112162537.0</marc:controlfield>
    <marc:controlfield tag="008">190131q17001799xx            000 0 heb d</marc:controlfield>
    <marc:datafield ind1=" " ind2=" " tag="035">
  <marc:subfield code="a">(OCoLC)1083671517</marc:subfield>
</marc:datafield>
    <marc:datafield ind1=" " ind2=" " tag="035">
  <marc:subfield code="a">(OCoLC)on1083671517</marc:subfield>
</marc:datafield>
    <marc:datafield ind1=" " ind2=" " tag="040">
  <marc:subfield code="a">PAU</marc:subfield>
  <marc:subfield code="b">eng</marc:subfield>
  <marc:subfield code="c">PAU</marc:subfield>
  <marc:subfield code="e">amremm</marc:subfield>
</marc:datafield>
    <marc:datafield ind1="0" ind2=" " tag="041">
  <marc:subfield code="a">heb</marc:subfield>
  <marc:subfield code="a">jrb</marc:subfield>
</marc:datafield>
    <marc:datafield ind1=" " ind2="9" tag="099">
  <marc:subfield code="a">CAJS Rar Ms 479</marc:subfield>
</marc:datafield>
    <marc:datafield ind1="1" ind2=" " tag="100">
  <marc:subfield code="6">880-01</marc:subfield>
  <marc:subfield code="a">Karo, Joseph ben Ephraim,</marc:subfield>
  <marc:subfield code="d">1488-1575.</marc:subfield>
</marc:datafield>
    <marc:datafield ind1="1" ind2="0" tag="240">
  <marc:subfield code="6">880-02</marc:subfield>
  <marc:subfield code="a">Shulh&#x323;an 'Arukh.</marc:subfield>
</marc:datafield>
    <marc:datafield ind1="1" ind2="0" tag="245">
  <marc:subfield code="6">880-03</marc:subfield>
  <marc:subfield code="a">[Shulh&#x323;an 'Arukh me-T&#x323;ur ...]</marc:subfield>
</marc:datafield>
    <marc:datafield ind1=" " ind2=" " tag="260">
  <marc:subfield code="6">880-04</marc:subfield>
  <marc:subfield code="a">[North Africa],</marc:subfield>
  <marc:subfield code="c">[17--?]</marc:subfield>
</marc:datafield>
    <marc:datafield ind1=" " ind2=" " tag="300">
  <marc:subfield code="a">227 leaves :</marc:subfield>
  <marc:subfield code="b">paper ;</marc:subfield>
  <marc:subfield code="c">300 x 190 (250 x 155) mm bound to 315 x 210 mm.</marc:subfield>
</marc:datafield>
    <marc:datafield ind1=" " ind2=" " tag="500">
  <marc:subfield code="a">Ms. codex.</marc:subfield>
</marc:datafield>
    <marc:datafield ind1=" " ind2=" " tag="500">
  <marc:subfield code="a">Title supplied by cataloger.</marc:subfield>
</marc:datafield>
    <marc:datafield ind1=" " ind2=" " tag="500">
  <marc:subfield code="a">Foliation: Paper, ii (modern paper) + 227 + ii (modern paper); modern foliation in pencil, 1-227, lower left recto.</marc:subfield>
</marc:datafield>
    <marc:datafield ind1=" " ind2=" " tag="500">
  <marc:subfield code="a">Layout: Written in two columns of 34 lines for volume one, and 40-42 lines for volume two; all with indents.</marc:subfield>
</marc:datafield>
    <marc:datafield ind1=" " ind2=" " tag="500">
  <marc:subfield code="a">Script: Written in a wide Eastern/North African script (from beginning until the last folio of Shulhan 'Arukh Orah&#x323; H&#x323;ayyim, f. 1r-114v); a similar but thinner script on a slightly different paper (last folio of Orah&#x323; H&#x323;ayyim, f.115r-115v); and in a meticulous Eastern/North African script with dramatic bold headers (for Shulh&#x323;an 'Arukh H&#x323;oshen ha-Mishpat&#x323;, f.116r-227v). Each section of the manuscript is written in multiple hands.</marc:subfield>
</marc:datafield>
    <marc:datafield ind1=" " ind2=" " tag="500">
  <marc:subfield code="a">Decoration: Edges of text block dyed yellow.</marc:subfield>
</marc:datafield>
    <marc:datafield ind1=" " ind2=" " tag="500">
  <marc:subfield code="a">Binding: Boards with cheap leather spine and corners; faded striped endbands, likely late 19th century.</marc:subfield>
</marc:datafield>
    <marc:datafield ind1=" " ind2=" " tag="500">
  <marc:subfield code="a">Pressed plant discovered in the manuscript on 1-24-2019 between folios 154 and 155; laid-in with a custom envelope inside the front board.</marc:subfield>
</marc:datafield>
    <marc:datafield ind1="0" ind2=" " tag="505">
  <marc:subfield code="6">880-05</marc:subfield>
  <marc:subfield code="a">1. f.1r-115v: Shulh&#x323;an 'Arukh Orah&#x323; H&#x323;ayyim -- 2. f.116r-227v: Shulh&#x323;an 'Arukh H&#x323;oshen Mishpat&#x323;.</marc:subfield>
</marc:datafield>
    <marc:datafield ind1=" " ind2=" " tag="520">
  <marc:subfield code="6">520-00//r</marc:subfield>
  <marc:subfield code="a">This is a manuscript of the Shulh&#x323;an 'Arukh written in North Africa likely during the eighteenth century. It is incomplete; it begins on siman (chapter) 55 se'if (paragraph) 8, and completes the Orah&#x323; H&#x323;ayyim portion, after which the H&#x323;oshen Mishpat&#x323; portion begins, complete until siman 400 se'if 3. For Orah&#x323; H&#x323;ayyim, the center of the double-column is headed with the current topic of the set of simanim (e.g. Hilkhot xxx...) with a notation on the upper margin about which day of the thirty-day cycle of the Shulh&#x323;an 'Arukh completion is below; the move to the next day is marked in the outer margin. Noteworthy marginalia through the volume: "&#x5E7;&#x5E8;&#x5D5;&#x5D1;&#x5E5; ... &#x5D5;&#x5D0;&#x5D7;&#x5E8;&#x5D9;&#x5DD; &#x5E4;&#x5D9;' &#x5E0;&#x5D5;&#x5D8;&#x5E8;&#x5D9;&#x5E7;&#x5D5;&#x5DF; &#x5E7;'&#x5D5;&#x5DC; &#x5E8;'&#x5E0;&#x5D4; &#x5D5;'&#x5D9;&#x5E9;&#x5D5;&#x5E2;&#x5D4; &#x5D1;'&#x5D0;&#x5D4;&#x5DC;&#x5D9; &#x5E6;'&#x5D3;&#x5D9;&#x5E7;&#x5D9;&#x5DD;" (K&#x323;rovets [prayer], (explained)  ... others explain it as an abbreviation for (Psalms 118:15), 'k&#x323;'ol r'inah v'e-yeshu'ah b'e-ahalei ts'adik&#x323;im), explanation from Bet Yosef to Orah&#x323; H&#x323;ayyim 68:1, perhaps attesting to the scribe being&#x200F; learned (f. 9r); where the text (Orah Hayyim 439:3) should read &#x5DB;&#x5D2;&#x5D5;&#x5DF; &#x5D4;&#x5DE;&#x5D5;&#x5E8;&#x5D9;&#x5D9;&#x5E1;, 'ke-gon ha-moriyyas', translated 'like brine', the scribe inserted &#x5DB;&#x5D2;&#x5D5;&#x5DF; &#x5D4;&#x5DE;&#x5D9;&#x5D6;&#x5E8;&#x5D9;&#x5DD;, 'ke-gon "ha-mizrim", employing a specifically North-African Arabic term derived from &#x645;&#x632;&#x631;, 'mizr', a beverage made from millet or barley (f. 78r); on the same page, marginalia related to Orah&#x323; H&#x323;ayyim 67:2, writing &#x5E4;' &#x5D0;&#x5DC;&#x5DE;&#x5E9;&#x5E8;, fi&#x304; al-masa&#x304;r, or "on the road" in Arabic, referring to the case of a traveler unable to perform Bedik&#x323;at h&#x323;amets (f. 78r); multiple 'perushim', or explanations to matters being discussed in the text (f. 204v); a marginalia with an asterisk like a carved amethyst, noting another opinion from the Shulh&#x323;an 'Arukh's sources from the Sefer he-'Arukh about the species of beast called "&#x5D1;&#x5E8;&#x5D3;&#x5DC;&#x5E1;", 'Bardelos' (over Shulh&#x323;an 'Arukh H&#x323;oshen Mishpat&#x323; 303:6, f. 211r). Repairs throughout; some with waste from printed Hebrew books, some with other waste paper; f. 103r has a pasted repair with the text written on it by a Sofer. Roller marks from the paper creation on f. 34; stains from the top-down affecting text throughout the manuscript.</marc:subfield>
</marc:datafield>
    <marc:datafield ind1=" " ind2=" " tag="524">
  <marc:subfield code="a">UPenn CAJS Rar Ms 479.</marc:subfield>
</marc:datafield>
    <marc:datafield ind1=" " ind2=" " tag="546">
  <marc:subfield code="a">Hebrew, with two words in Judeo-Arabic (f. 78r).</marc:subfield>
</marc:datafield>
    <marc:datafield ind1="1" ind2=" " tag="561">
  <marc:subfield code="a">Sold by Kestenbaum &amp; Company, auction 76 (June 14, 2018), lot 318.</marc:subfield>
</marc:datafield>
    <marc:datafield ind1=" " ind2=" " tag="590">
  <marc:subfield code="a">Elis and Ruth Douer Endowed Fund for Judaica Collections.</marc:subfield>
  <marc:subfield code="5">PU</marc:subfield>
</marc:datafield>
    <marc:datafield ind1=" " ind2=" " tag="590">
  <marc:subfield code="a">Acquired for the Penn Libraries with assistance from the Elis &amp; Ruth Douer Endowed Fund.</marc:subfield>
</marc:datafield>
    <marc:datafield ind1=" " ind2="0" tag="650">
  <marc:subfield code="a">Jewish law</marc:subfield>
  <marc:subfield code="v">Early works to 1800.</marc:subfield>
</marc:datafield>
    <marc:datafield ind1=" " ind2="7" tag="655">
  <marc:subfield code="a">Codices.</marc:subfield>
  <marc:subfield code="2">aat</marc:subfield>
</marc:datafield>
    <marc:datafield ind1=" " ind2="0" tag="655">
  <marc:subfield code="a">Manuscripts, Hebrew</marc:subfield>
  <marc:subfield code="y">18th century.</marc:subfield>
</marc:datafield>
    <marc:datafield ind1="2" ind2=" " tag="710">
  <marc:subfield code="a">Elis &amp; Ruth Douer Endowed Fund.</marc:subfield>
  <marc:subfield code="5">PU</marc:subfield>
</marc:datafield>
    <marc:datafield ind1="0" ind2="0" tag="773">
  <marc:subfield code="t">Elis &amp; Ruth Douer Endowed Fund.</marc:subfield>
</marc:datafield>
    <marc:datafield ind1=" " ind2=" " tag="852">
  <marc:subfield code="b">Library at the Herbert D. Katz Center for Advanced Judaic Studies</marc:subfield>
  <marc:subfield code="a">University of Pennsylvania</marc:subfield>
  <marc:subfield code="e">420 Walnut Street, Philadelphia, Pennsylvania 19106-3703.</marc:subfield>
  <marc:subfield code="j">CAJS Rar Ms 479</marc:subfield>
</marc:datafield>
    <marc:datafield ind1="4" ind2="2" tag="856">
  <marc:subfield code="3">The Elis &amp; Ruth Douer Endowed Fund Home Page</marc:subfield>
  <marc:subfield code="u">http://hdl.library.upenn.edu/1017.12/1229047</marc:subfield>
</marc:datafield>
    <marc:datafield ind1="1" ind2=" " tag="880">
  <marc:subfield code="6">100-01//r</marc:subfield>
  <marc:subfield code="a">&#x5E7;&#x5D0;&#x5E8;&#x5D5;, &#x5D9;&#x5D5;&#x5E1;&#x5E3; &#x5D1;&#x5DF; &#x5D0;&#x5E4;&#x5E8;&#x5D9;&#x5DD;,</marc:subfield>
  <marc:subfield code="d">1488-1575.</marc:subfield>
</marc:datafield>
    <marc:datafield ind1="1" ind2="0" tag="880">
  <marc:subfield code="6">240-02//r</marc:subfield>
  <marc:subfield code="a">&#x5E9;&#x5DC;&#x5D7;&#x5DF; &#x5E2;&#x5E8;&#x5D5;&#x5DA;.</marc:subfield>
</marc:datafield>
    <marc:datafield ind1="1" ind2="0" tag="880">
  <marc:subfield code="6">245-03//r</marc:subfield>
  <marc:subfield code="a">[&#x5E9;&#x5DC;&#x5D7;&#x5DF; &#x5E2;&#x5E8;&#x5D5;&#x5DA; &#x5DE;&#x5D8;&#x5D5;&#x5E8; ...]</marc:subfield>
</marc:datafield>
    <marc:datafield ind1=" " ind2=" " tag="880">
  <marc:subfield code="6">260-04//r</marc:subfield>
  <marc:subfield code="a">[&#x5E6;&#x5E4;&#x5D5;&#x5DF; &#x5D0;&#x5E4;&#x5E8;&#x5D9;&#x5E7;&#x5D4;],</marc:subfield>
  <marc:subfield code="c">[17--?]</marc:subfield>
</marc:datafield>
    <marc:datafield ind1="0" ind2=" " tag="880">
  <marc:subfield code="6">505-05//r</marc:subfield>
  <marc:subfield code="a">1. &#x5D3;' 1-115: &#x5E9;&#x5DC;&#x5D7;&#x5DF; &#x5E2;&#x5E8;&#x5D5;&#x5DA; &#x5D0;&#x5D5;&#x5E8;&#x5D7; &#x5D7;&#x5D9;&#x5D9;&#x5DD; -- 2. &#x5D3;' 116-227: &#x5E9;&#x5DC;&#x5D7;&#x5DF; &#x5E2;&#x5E8;&#x5D5;&#x5DA; &#x5D7;&#x5E9;&#x5DF; &#x5DE;&#x5E9;&#x5E4;&#x5D8;.</marc:subfield>
</marc:datafield>
    <marc:holdings>
      <marc:holding>
        <marc:holding_id>22551686990003681</marc:holding_id>
        <marc:call_number>CAJS Rar Ms 479</marc:call_number>
        <marc:library>KatzLib</marc:library>
        <marc:location>cjsrarms</marc:location>
      </marc:holding>
    </marc:holdings>
  </marc:record>
</marc:records>
